@article{shivaswamy2015coactive,
  title={Coactive Learning},
  author={Shivaswamy, Pannaga and Joachims, Thorsten},
  journal={J. Artif. Intell. Res. (JAIR)},
  volume={53},
  pages={1--40},
  year={2015}
}

@inproceedings{ribeiro2016should,
  title={Why should i trust you?: Explaining the predictions of any classifier},
  author={Ribeiro, Marco Tulio and Singh, Sameer and Guestrin, Carlos},
  booktitle={Proceedings of the 22nd ACM SIGKDD International Conference on Knowledge Discovery and Data Mining},
  pages={1135--1144},
  year={2016},
  organization={ACM}
}

@inproceedings{kulesza2015principles,
  title={Principles of explanatory debugging to personalize interactive machine learning},
  author={Kulesza, Todd and Burnett, Margaret and Wong, Weng-Keen and Stumpf, Simone},
  booktitle={Proceedings of the 20th International Conference on Intelligent User Interfaces},
  pages={126--137},
  year={2015},
  organization={ACM}
}

@article{attenberg2011inactive,
  title={Inactive learning?: difficulties employing active learning in practice},
  author={Attenberg, Josh and Provost, Foster},
  journal={ACM SIGKDD Explorations Newsletter},
  volume={12},
  number={2},
  pages={36--41},
  year={2011},
  publisher={ACM}
}

@article{settles2012active,
  title={Active learning},
  author={Settles, Burr},
  journal={Synthesis Lectures on Artificial Intelligence and Machine Learning},
  volume={6},
  number={1},
  pages={1--114},
  year={2012},
  publisher={Morgan \& Claypool Publishers}
}

@article{raghavan2006active,
  title={Active learning with feedback on features and instances},
  author={Raghavan, Hema and Madani, Omid and Jones, Rosie},
  journal={Journal of Machine Learning Research},
  volume={7},
  number={Aug},
  pages={1655--1686},
  year={2006}
}

@inproceedings{raghavan2007interactive,
  title={An interactive algorithm for asking and incorporating feature feedback into support vector machines},
  author={Raghavan, Hema and Allan, James},
  booktitle={Proceedings of the 30th annual international ACM SIGIR conference on Research and development in information retrieval},
  pages={79--86},
  year={2007},
  organization={ACM}
}

@inproceedings{druck2008learning,
  title={Learning from labeled features using generalized expectation criteria},
  author={Druck, Gregory and Mann, Gideon and McCallum, Andrew},
  booktitle={Proceedings of the 31st annual international ACM SIGIR conference on Research and development in information retrieval},
  pages={595--602},
  year={2008},
  organization={ACM}
}

@inproceedings{druck2009active,
  title={Active learning by labeling features},
  author={Druck, Gregory and Settles, Burr and McCallum, Andrew},
  booktitle={Proceedings of the 2009 Conference on Empirical Methods in Natural Language Processing: Volume 1-Volume 1},
  pages={81--90},
  year={2009},
  organization={Association for Computational Linguistics}
}

@article{attenberg2010unified,
  title={A unified approach to active dual supervision for labeling features and examples},
  author={Attenberg, Josh and Melville, Prem and Provost, Foster},
  journal={Machine Learning and Knowledge Discovery in Databases},
  pages={40--55},
  year={2010},
  publisher={Springer}
}

@inproceedings{settles2011closing,
  title={Closing the loop: Fast, interactive semi-supervised annotation with queries on features and instances},
  author={Settles, Burr},
  booktitle={Proceedings of the conference on empirical methods in natural language processing},
  pages={1467--1478},
  year={2011},
  organization={Association for Computational Linguistics}
}

@inproceedings{sharma2015active,
  title={Active learning with rationales for text classification},
  author={Sharma, Manali and Zhuang, Di and Bilgic, Mustafa},
  booktitle={Proceedings of the 2015 Conference of the North American Chapter of the Association for Computational Linguistics: Human Language Technologies},
  pages={441--451},
  year={2015}
}

@inproceedings{sharma2016towards,
  title={Towards Learning with Feature-Based Explanations for Document Classification},
  author={Sharma, Manali and Bilgic, Mustafa},
  booktitle={BeyondLabeler Workshop},
  year={2016}
}

@inproceedings{teso2017coactive,
  title={Coactive Critiquing: Elicitation of Preferences and Features.},
  author={Teso, Stefano and Dragone, Paolo and Passerini, Andrea},
  booktitle={AAAI},
  pages={2639--2645},
  year={2017}
}

@inproceedings{zaidan2008modeling,
  title={Modeling annotators: A generative approach to learning from annotator rationales},
  author={Zaidan, Omar F and Eisner, Jason},
  booktitle={Proceedings of the Conference on Empirical Methods in Natural Language Processing},
  pages={31--40},
  year={2008},
  organization={Association for Computational Linguistics}
}

@article{cakmak2014eliciting,
  title={Eliciting good teaching from humans for machine learners},
  author={Cakmak, Maya and Thomaz, Andrea L},
  journal={Artificial Intelligence},
  volume={217},
  pages={198--215},
  year={2014},
  publisher={Elsevier}
}
